<record><leader>00000cas a22000007a 4500</leader><controlfield tag="001">20301013</controlfield><controlfield tag="008">890905d19061915ndudn ne      0    0eng d</controlfield><datafield ind1=" " ind2=" " tag="010"><subfield code="a">sn 89074276 </subfield></datafield><datafield ind1=" " ind2=" " tag="040"><subfield code="a">NOP</subfield><subfield code="b">eng</subfield><subfield code="c">NOP</subfield><subfield code="d">OCLCQ</subfield></datafield><datafield ind1=" " ind2=" " tag="042"><subfield code="a">msc</subfield></datafield><datafield ind1="0" ind2="4" tag="245"><subfield code="a">The Evening times=record.</subfield></datafield><datafield ind1=" " ind2=" " tag="260"><subfield code="a">Valley City, N.D. :</subfield><subfield code="b">F.E. Packard</subfield></datafield><datafield ind1=" " ind2=" " tag="300"><subfield code="a">8 v. :</subfield><subfield code="b">ill. ;</subfield><subfield code="c">55-57 cm.</subfield></datafield><datafield ind1=" " ind2=" " tag="310"><subfield code="a">Daily (except Sunday)</subfield></datafield><datafield ind1="1" ind2=" " tag="362"><subfield code="a">Began July 2, 1906.</subfield></datafield><datafield ind1="0" ind2=" " tag="362"><subfield code="a">-v. 8, no. 79 (Feb. 27, 1915).</subfield></datafield><datafield ind1=" " ind2=" " tag="500"><subfield code="a">"Official Paper of Valley City and Barnes County", 1910-1914; "Official Paper of Barnes County", 1914.</subfield></datafield><datafield ind1=" " ind2=" " tag="530"><subfield code="a">Available on microfilm from the State Historical Society of North Dakota.</subfield></datafield><datafield ind1=" " ind2=" " tag="588"><subfield code="a">Description based on: Vol. 3, no. 152 (Jan. 2, 1909).</subfield></datafield><datafield ind1=" " ind2=" " tag="752"><subfield code="a">United States</subfield><subfield code="b">North Dakota</subfield><subfield code="c">Barnes</subfield><subfield code="d">Valley City.</subfield></datafield><datafield ind1="0" ind2=" " tag="775"><subfield code="t">Valley City times=record (Valley City, N.D. : 1902)</subfield><subfield code="w">(DLC)sn 89074271</subfield></datafield><datafield ind1="0" ind2=" " tag="775"><subfield code="t">Valley City times=record and Valley City alliance</subfield><subfield code="w">(DLC)sn 89074272</subfield></datafield><datafield ind1="0" ind2=" " tag="775"><subfield code="t">Valley City times=record (Valley City, N.D. : 1908)</subfield><subfield code="w">(DLC)sn 89074273</subfield></datafield><datafield ind1="0" ind2="0" tag="785"><subfield code="t">Daily times-record (Valley City, N.D.)</subfield><subfield code="w">(DLC)sn 89074277</subfield></datafield><datafield ind1="1" ind2=" " tag="029"><subfield code="a">AU@</subfield><subfield code="b">000025873443</subfield></datafield></record>